<?xml version="1.0" encoding="UTF-8"?><record xmlns="http://www.loc.gov/MARC21/slim" xmlns:cinclude="http://apache.org/cocoon/include/1.0" xmlns:zs="http://www.loc.gov/zing/srw/">
  <leader>00429nz  a2200121n  4500</leader>
  <controlfield tag="001">n  91114557 </controlfield>
  <controlfield tag="003">DLC</controlfield>
  <controlfield tag="005">19911108150516.2</controlfield>
  <controlfield tag="008">911108n| acannaab|          |n aaa |||  </controlfield>
  <datafield tag="010" ind1=" " ind2=" ">
    <subfield code="a">n  91114557 </subfield>
  </datafield>
  <datafield tag="040" ind1=" " ind2=" ">
    <subfield code="a">DLC</subfield>
    <subfield code="c">DLC</subfield>
  </datafield>
  <datafield tag="100" ind1="1" ind2="0">
    <subfield code="a">Khanna, Suwersh K.</subfield>
  </datafield>
  <datafield tag="670" ind1=" " ind2=" ">
    <subfield code="a">Her The history of nursing in India from 1947-1989:</subfield>
    <subfield code="b">cover (Dr. Suwersh K. Khanna, Ed.D., R.N.) p. 4 of cover (Assoc. Prof., Dept. of Nursing, Southwest Missouri State Univ.)</subfield>
  </datafield>
</record>